@article{methodsforinferring,
   title={Methods for inferring neural circuit interactions and neuromodulation from local field potential and electroencephalogram measures},
   volume={8},
   url={https://doi.org/10.1186/s40708-021-00148-y},
   DOI={10.1186/s40708-021-00148-y},
   journal={Brain Informatics},
   author={Martínez-Cañada, P., Noei, S., and Panzeri, S.},
   year={2021},
}

@article{computationoftheelectroencephalogram,
    doi = {10.1371/journal.pcbi.1008893},
    author = {Martínez-Cañada, Pablo AND Ness, Torbjørn V. AND Einevoll, Gaute T. AND Fellin, Tommaso AND Panzeri, Stefano},
    journal = {PLOS Computational Biology},
    publisher = {Public Library of Science},
    title = {Computation of the electroencephalogram (EEG) from network models of point neurons},
    year = {2021},
    month = {04},
    volume = {17},
    url = {https://doi.org/10.1371/journal.pcbi.1008893},
    pages = {1-41},
}

@article{encodigofnaturalistic,
    doi = {10.1371/journal.pcbi.1000239},
    author = {Mazzoni, Alberto AND Panzeri, Stefano AND Logothetis, Nikos K. AND Brunel, Nicolas},
    journal = {PLOS Computational Biology},
    publisher = {Public Library of Science},
    title = {Encoding of Naturalistic Stimuli by Local Field Potential Spectra in Networks of Excitatory and Inhibitory Neurons},
    year = {2008},
    month = {12},
    volume = {4},
    url = {https://doi.org/10.1371/journal.pcbi.1000239},
}

@article{understanding,
    doi = {10.1016/j.neuroimage.2009.12.040},
    author = {Mazzoni, A., Whittingstall, K., Brunel, N., Logothetis, N. K., Panzeri, S.},
    publisher = {NeuroImage},
    title = {Understanding the relationships between spike rate and delta/gamma frequency bands of LFPs and EEGs using a local cortical network model.},
    year = {2010},
    url = {https://doi.org/10.1016/j.neuroimage.2009.12.040},
    pages = {956–972}
}

@article{modelofautism,
    doi = {10.1034/j.1601-183x.2003.00037.x},
    author = {Rubenstein, J. L., & Merzenich, M. M.},
    publisher = {Genes, brain, and behavior},
    title = {Model of autism: increased ratio of excitation/inhibition in key neural systems.},
    year = {2003},
    url = {https://doi.org/10.1034/j.1601-183x.2003.00037.x},
    pages = {255–267},
}

@article{evolucioncerebro,
    author = {Emanuel Dzul, Iván de Jesús Uscanga Uscanga},
    publisher = {Instituto de Neuroetología, Universidad Veracruzana.},
    title = {El cerebro en el tiempo (Recorrido de la neurociencia)},
    url = {https://www.uv.mx/cienciauv/blog/cerebroeneltiemponeurociencia/},
}

@article{introduccionneurociencia,
    author = {Carmen Cavada},
    publisher = {Sociedad Española de Neurociencia},
    title = {Introducción histórica a la Neurociencia},
    url = {https://www.senc.es/introduccion-historica-a-la-neurociencia/},
}

@article{EEG,
    publisher = {Mayo Clinic},
    title = {Electroencefalografía (EEG)},
    url = {https://www.mayoclinic.org/es-es/tests-procedures/eeg/about/pac-20393875},
}

@article{tiposneuronas,
    author={Jonathan García-allen},
    publisher = {Psicologia y mente},
    title = {Tipos de neuronas: características y funciones},
    url = {https://psicologiaymente.com/neurociencias/tipos-de-neuronas},
}

@book{openMP,
    author = {OpenMP Documentation},
    publisher = {OpenMP},
    title = {OpenMP Guide},
    url = {https://www.openmp.org/resources/refguides/},
}
